@Book{brennan2009,
	 author = {Brennan, Kevin},
	 title = {A guide to the Business analysis body of knowledge (BABOK guide},
	 publisher = {International Institute of Business Analysis},
	 year = {2009},
	 address = {Toronto},
	 isbn = {9780981129211}
 }

@misc{3_lodev.org_2015,
author={Lodev.org,},
title={Flood Fill},
url={http://lodev.org/cgtutor/floodfill.html},
year={2015}
},

@book{4_mukherjee_debasish jana._2010,
author={Mukherjee, D. P and Debasish Jana.,},
title={Computer graphics},
place={New Delhi},
publisher={PHI Learning},
year={2010}
},

@misc{6_codecodex.com_2015,
author={Codecodex.com,},
title={Implementing the flood fill algorithm},
url={http://www.codecodex.com/wiki/Implementing_the_flood_fill_algorithm},
year={2015}
}